<?xml version="1.0" encoding="UTF-8"?><record xmlns="http://www.loc.gov/MARC21/slim" xmlns:cinclude="http://apache.org/cocoon/include/1.0" xmlns:zs="http://www.loc.gov/zing/srw/">
  <leader>00392nz  a2200133n  4500</leader>
  <controlfield tag="001">no2001065157</controlfield>
  <controlfield tag="003">DLC</controlfield>
  <controlfield tag="005">20010817071420.0</controlfield>
  <controlfield tag="008">010816n| acannaab           |n aaa     c</controlfield>
  <datafield tag="010" ind1=" " ind2=" ">
    <subfield code="a">no2001065157</subfield>
  </datafield>
  <datafield tag="035" ind1=" " ind2=" ">
    <subfield code="a">(OCoLC)oca05560423</subfield>
  </datafield>
  <datafield tag="040" ind1=" " ind2=" ">
    <subfield code="a">NjP</subfield>
    <subfield code="b">eng</subfield>
    <subfield code="c">NjP</subfield>
  </datafield>
  <datafield tag="100" ind1="1" ind2=" ">
    <subfield code="a">Fuenzalida, Nieves,</subfield>
    <subfield code="d">1938-</subfield>
  </datafield>
  <datafield tag="670" ind1=" " ind2=" ">
    <subfield code="a">Three of us remain, 1998:</subfield>
    <subfield code="b">t.p. (Nieves Fuenzalida) Can. CIP (Fuenzalida, Nieves, 1938- )</subfield>
  </datafield>
</record>